@Article{mishra10,
  author =	 {Mishra, Phoolendra K. and Neuman, Shlomo P.},
  title =	 {Improved Forward and Inverse Analyses of
                  Saturated-Unsaturated Flow Towards a Well in a
                  Compressible Unconfined Aquifer},
  journal =	 {Water Resources Research},
  year =	 2010,
  volume =	 46,
  pages =	 {doi:10.1029/2009WR008899}
}



@Article{tartakovsky07,
  author =	 {Tartakovsky, Guzel D. and Neuman, Shlomo P.},
  title =	 {Three-Dimensional Saturated-Unsaturated Flow with
                  Axial Symmetry to a Partially Penetrating Well in a
                  Compressible Unconfined Aqufier},
  journal =	 {Water Resources Research},
  year =	 2007,
  volume =	 43,
  pages =	 {doi:10.1029/2006WR005153}
}
